@book{peters12,
  author    = {Carol Peters and
               Martin Braschler and
               Paul Clough},
  title     = {{Multilingual Information Retrieval - From Research To Practice}},
  publisher = {Springer},
  year      = {2012},
  isbn      = {978-3-642-23007-3},
  pages     = {I-XVII, 1-217},
  ee        = {http://dx.doi.org/10.1007/978-3-642-23008-0},
  bibsource = {DBLP, http://dblp.uni-trier.de}
}

@article{savoy09,
  author    = {Jacques Savoy and
               Ljiljana Dolamic},
  title     = {{How effective is Google's translation service in search?}},
  journal   = {Commun. ACM},
  volume    = {52},
  number    = {10},
  year      = {2009},
  pages     = {139-143},
  ee        = {http://doi.acm.org/10.1145/1562764.1562799},
  bibsource = {DBLP, http://dblp.uni-trier.de}
}

@article{yu09,
  author    = {Kun Yu and
               Junichi Tsujii},
  title     = {{Bilingual Dictionary Extraction from Wikipedia}},
  journal   = {Proc. Of Machine translation Summit XII},
  year      = {2009}
}

@article{ebs386,
  author    = {TNS Opinion and
               European Commission},
  title     = {{Europeans and their Languages}},
  journal   = {Special Eurobarometer 386},
  year      = {2012}
}

@conference{oard97,
  author    = {Doug Oard and
		David Hull},
  title     = {{AAAI Symposium on Cross-Language IR}},
  year      = {Stanford, Spring 1997}
}

@unpublished{ir13,
  author    = {Jacques Savoy},
  title     = {{Information Retrieval and the Internet:
		Beyond just English - CLIR}},
  year      = {University of Neuch\^{a}tel, Spring 2013}
}

@inproceedings{gollins01,
  author    = {Tim Gollins and
               Mark Sanderson},
  title     = {{Improving Cross Language Information Retrieval with Triangulated
               Translation}},
  booktitle = {SIGIR},
  year      = {2001},
  pages     = {90-95},
  ee        = {http://doi.acm.org/10.1145/383952.383965},
  crossref  = {DBLP:conf/sigir/2001},
  bibsource = {DBLP, http://dblp.uni-trier.de}
}